% Sample bibliography data base for BibTeX.
%
% Created: 2000/10/04.
% Author : K. O. Homan
% 
% $Id: add.bib,v 1.1 2011/07/12 21:37:11 khoman Exp khoman $
%
% $Log: add.bib,v $
% Revision 1.1  2011/07/12 21:37:11  khoman
% Initial revision
%
% Revision 1.1  2000/10/04 19:46:46  khoman
% Initial revision
%
% Revision 1.1  2000/10/04 19:32:56  khoman
% Initial revision
%
%

@inproceedings{scott2015geneticRepresentations,
  title={Learning Genetic Representations for Classes of Real-Valued Optimization Problems},
  author={Scott, Eric O and Bassett, Jeffrey K},
  booktitle={Proceedings of the Companion Publication of the 2015 Annual Conference on Genetic and Evolutionary Computation},
  pages={1075--1082},
  year={2015},
  organization={ACM}
}

@article{burke2012localHeuristics,
  title={Grammatical Evolution of Local Search Heuristics},
  author={Burke, Edmund K and Hyde, Matthew R and Kendall, Graham},
  journal={IEEE Transactions on Evolutionary Computation},
  volume={16},
  number={3},
  pages={406--417},
  year={2012},
  publisher={IEEE}
}


@inproceedings{hong2013probMutation,
  title={Automated Design of Probability Distributions as Mutation Operators for Evolutionary Programming Using Genetic Programming},
  author={Hong, Libin and Woodward, John and Li, Jingpeng and {\"O}zcan, Ender},
  booktitle={European Conference on Genetic Programming},
  pages={85--96},
  year={2013},
  organization={Springer}
}


@inproceedings{woodward2009GPNotGood,
  title={Why evolution is not a good paradigm for program induction: a critique of genetic programming},
  author={Woodward, John R and Bai, Ruibin},
  booktitle={Proceedings of the first ACM/SIGEVO Summit on Genetic and Evolutionary Computation},
  pages={593--600},
  year={2009},
  organization={ACM}
}


@inproceedings{woodward2010metaBias,
  title={The necessity of meta bias in search algorithms},
  author={Woodward, John R},
  booktitle={Computational Intelligence and Software Engineering (CiSE), 2010 International Conference on},
  pages={1--4},
  year={2010},
  organization={IEEE}
}


@inproceedings{lourencco2013selection,
  title={Learning selection strategies for evolutionary algorithms},
  author={Louren{\c{c}}o, Nuno and Pereira, Francisco and Costa, Ernesto},
  booktitle={International Conference on Artificial Evolution (Evolution Artificielle)},
  pages={197--208},
  year={2013},
  organization={Springer}
}

@inproceedings{woodward2011selection,
  title={Automatically designing selection heuristics},
  author={Woodward, John Robert and Swan, Jerry},
  booktitle={Proceedings of the 13th annual conference companion on Genetic and evolutionary computation},
  pages={583--590},
  year={2011},
  organization={ACM}
}

@techreport{wolpert1995noFreeLunch,
  title={No free lunch theorems for search},
  author={Wolpert, David H and Macready, William G and others},
  year={1995},
  institution={Technical Report SFI-TR-95-02-010, Santa Fe Institute}
}

@article{koza1994genetic,
  title={Genetic programming as a means for programming computers by natural selection},
  author={Koza, John R},
  journal={Statistics and computing},
  volume={4},
  number={2},
  pages={87--112},
  year={1994},
  publisher={Springer}
}

@article{burke2013HHstateoftheart,
  title={Hyper-heuristics: A survey of the state of the art},
  author={Burke, Edmund K and Gendreau, Michel and Hyde, Matthew and Kendall, Graham and Ochoa, Gabriela and {\"O}zcan, Ender and Qu, Rong},
  journal={Journal of the Operational Research Society},
  volume={64},
  number={12},
  pages={1695--1724},
  year={2013},
  publisher={Springer}
}


@inproceedings{goldman2011scc,
  title={Self-configuring crossover},
  author={Goldman, Brian W and Tauritz, Daniel R},
  booktitle={Proceedings of the 13th annual conference companion on Genetic and evolutionary computation},
  pages={575--582},
  year={2011},
  organization={ACM}
}

@inproceedings{goldman2011meta,
  title={Meta-evolved empirical evidence of the effectiveness of dynamic parameters},
  author={Goldman, Brian W and Tauritz, Daniel R},
  booktitle={Proceedings of the 13th annual conference companion on Genetic and evolutionary computation},
  pages={155--156},
  year={2011},
  organization={ACM}
}


@inproceedings{guntly2011limp,
  title={Learning individual mating preferences},
  author={Guntly, Lisa M and Tauritz, Daniel R},
  booktitle={Proceedings of the 13th annual conference on Genetic and evolutionary computation},
  pages={1069--1076},
  year={2011},
  organization={ACM}
}


@inproceedings{khudabukhsh2009satenstein,
  title={SATenstein: Automatically Building Local Search SAT Solvers from Components.},
  author={KhudaBukhsh, Ashiqur R and Xu, Lin and Hoos, Holger H and Leyton-Brown, Kevin},
  booktitle={IJCAI},
  volume={9},
  pages={517--524},
  year={2009}
}

@article{lopez2012antcol,
  title={The automatic design of multiobjective ant colony optimization algorithms},
  author={Lopez-Ibanez, Manuel and Stutzle, Thomas},
  journal={IEEE Transactions on Evolutionary Computation},
  volume={16},
  number={6},
  pages={861--875},
  year={2012},
  publisher={IEEE}
}

@inproceedings{martin2013evolvingBBSA,
  title={Evolving black-box search algorithms employing genetic programming},
  author={Martin, Matthew A and Tauritz, Daniel R},
  booktitle={Proceedings of the 15th annual conference companion on Genetic and evolutionary computation},
  pages={1497--1504},
  year={2013},
  organization={ACM}
}

@inproceedings{woodward2012mutationGeneration,
  title={The automatic generation of mutation operators for genetic algorithms},
  author={Woodward, John R and Swan, Jerry},
  booktitle={Proceedings of the 14th annual conference companion on Genetic and evolutionary computation},
  pages={67--74},
  year={2012},
  organization={ACM}
}

@misc{kaufmann1993origins,
  title={The origins of order},
  author={Kaufmann, SA},
  year={1993},
  publisher={Oxford University Press New York}
}

@ARTICLE{cocobbob, 
  author = {Hansen, N. and Auger, A. and Mersmann, O. and Tu{\v s}ar, T. and Brockhoff, D.},
  title = {{COCO}: A Platform for Comparing Continuous Optimizers in a Black-Box Setting},
  journal = {ArXiv e-prints},
  volume = {arXiv:1603.08785},
  year = 2016
}

@Article{irace,
  title = {The irace package: Iterated Racing for Automatic Algorithm Configuration},
  author = {Manuel López-Ibáñez and Jérémie Dubois-Lacoste and Leslie {Pérez Cáceres} and Thomas Stützle and Mauro Birattari},
  year = {2016},
  journal = {Operations Research Perspectives},
  doi = {10.1016/j.orp.2016.09.002},
  volume = {3},
  pages = {43--58},
  }

@inproceedings{hansen1996cmaes,
  title={Adapting arbitrary normal mutation distributions in evolution strategies: The covariance matrix adaptation},
  author={Hansen, Nikolaus and Ostermeier, Andreas},
  booktitle={Evolutionary Computation, 1996., Proceedings of IEEE International Conference on},
  pages={312--317},
  year={1996},
  organization={IEEE}
}

@article{whitley2016gray,
  title={Gray box optimization for Mk landscapes (NK landscapes and MAX-kSAT)},
  author={Whitley, L Darrell and Chicano, Francisco and Goldman, Brian W},
  journal={Evolutionary computation},
  volume={24},
  number={3},
  pages={491--519},
  year={2016},
  publisher={MIT Press}
}

@inproceedings{richter2018adpsea,
  title={The automated design of probabilistic selection methods for evolutionary algorithms},
  author={Richter, Samuel N and Tauritz, Daniel R},
  booktitle={Proceedings of the Genetic and Evolutionary Computation Conference Companion},
  pages={1545--1552},
  year={2018},
  organization={ACM}
}

@article{eiben1999parameter,
  title={Parameter control in evolutionary algorithms},
  author={Eiben, {\'A}goston E and Hinterding, Robert and Michalewicz, Zbigniew},
  journal={IEEE Transactions on evolutionary computation},
  volume={3},
  number={2},
  pages={124--141},
  year={1999},
  publisher={IEEE}
}

@incollection{burke2009exploring,
  title={Exploring hyper-heuristic methodologies with genetic programming},
  author={Burke, Edmund K and Hyde, Mathew R and Kendall, Graham and Ochoa, Gabriela and Ozcan, Ender and Woodward, John R},
  booktitle={Computational intelligence},
  pages={177--201},
  year={2009},
  publisher={Springer}
}


@article{burke2010strippacking,
  title={A genetic programming hyper-heuristic approach for evolving 2-D strip packing heuristics},
  author={Burke, Edmund K and Hyde, Matthew and Kendall, Graham and Woodward, John},
  journal={IEEE Transactions on Evolutionary Computation},
  volume={14},
  number={6},
  pages={942--958},
  year={2010},
  publisher={IEEE}
}

@incollection{burke2006binpacking,
  title={Evolving bin packing heuristics with genetic programming},
  author={Burke, Edmund K and Hyde, Matthew R and Kendall, Graham},
  booktitle={Parallel Problem Solving from Nature-PPSN IX},
  pages={860--869},
  year={2006},
  publisher={Springer}
}

@inproceedings{harris2015comparison,
  title={A comparison of genetic programming variants for hyper-heuristics},
  author={Harris, Sean and Bueter, Travis and Tauritz, Daniel R},
  booktitle={Proceedings of the Companion Publication of the 2015 Annual Conference on Genetic and Evolutionary Computation},
  pages={1043--1050},
  year={2015},
  organization={ACM}
}
