%%% ====================================================================
%%%  BibTeX-file{
%%%     author          = "Gerry Murray",
%%%     version         = "1.2",
%%%     date            = "2 April 2012",
%%%     filename        = "acmsmall-sample-bibfile.bib",
%%%     address         = "ACM, NY",
%%%     email           = "murray at hq.acm.org",
%%%     codetable       = "ISO/ASCII",
%%%     keywords        = "ACM Reference Format, bibliography, citation, references",
%%%     supported       = "yes",
%%%     docstring       = "This BibTeX database file contains 'bibdata' entries
%%%                        that 'match' the examples provided in the Specifications Document
%%%                        AND, also, 'legacy'-type bibs. It should assist authors in 
%%%                        choosing the 'correct' at-bibtype and necessary bib-fields
%%%                        so as to obtain the appropriate ACM Reference Format output. 
%%%			   It also contains many 'Standard Abbreviations'. "
%%%  }
%%% ====================================================================

% Journals

% First the Full Name is given, then the abbreviation used in the AMS Math
% Reviews, with an indication if it could not be found there.
% Note the 2nd overwrites the 1st, so swap them if you want the full name.

 %{AMS}
 @String{AMSTrans = "American Mathematical Society Translations" }
 @String{AMSTrans = "Amer. Math. Soc. Transl." }
 @String{BullAMS = "Bulletin of the American Mathematical Society" }
 @String{BullAMS = "Bull. Amer. Math. Soc." }
 @String{ProcAMS = "Proceedings of the American Mathematical Society" }
 @String{ProcAMS = "Proc. Amer. Math. Soc." }
 @String{TransAMS = "Transactions of the American Mathematical Society" }
 @String{TransAMS = "Trans. Amer. Math. Soc." }

 %ACM
 @String{CACM = "Communications of the {ACM}" }
 @String{CACM = "Commun. {ACM}" }
 @String{CompServ = "Comput. Surveys" }
 @String{JACM = "J. ACM" }
 @String{ACMMathSoft = "{ACM} Transactions on Mathematical Software" }
 @String{ACMMathSoft = "{ACM} Trans. Math. Software" }
 @String{SIGNUM = "{ACM} {SIGNUM} Newsletter" }
 @String{SIGNUM = "{ACM} {SIGNUM} Newslett." }

 @String{AmerSocio = "American Journal of Sociology" }
 @String{AmerStatAssoc = "Journal of the American Statistical Association" }
 @String{AmerStatAssoc = "J. Amer. Statist. Assoc." }
 @String{ApplMathComp = "Applied Mathematics and Computation" }
 @String{ApplMathComp = "Appl. Math. Comput." }
 @String{AmerMathMonthly = "American Mathematical Monthly" }
 @String{AmerMathMonthly = "Amer. Math. Monthly" }
 @String{BIT = "{BIT}" }
 @String{BritStatPsych = "British Journal of Mathematical and Statistical
          Psychology" }
 @String{BritStatPsych = "Brit. J. Math. Statist. Psych." }
 @String{CanMathBull = "Canadian Mathematical Bulletin" }
 @String{CanMathBull = "Canad. Math. Bull." }
 @String{CompApplMath = "Journal of Computational and Applied Mathematics" }
 @String{CompApplMath = "J. Comput. Appl. Math." }
 @String{CompPhys = "Journal of Computational Physics" }
 @String{CompPhys = "J. Comput. Phys." }
 @String{CompStruct = "Computers and Structures" }
 @String{CompStruct = "Comput. \& Structures" }
 @String{CompJour = "The Computer Journal" }
 @String{CompJour = "Comput. J." }
 @String{CompSysSci = "Journal of Computer and System Sciences" }
 @String{CompSysSci = "J. Comput. System Sci." }
 @String{Computing = "Computing" }
 @String{ContempMath = "Contemporary Mathematics" }
 @String{ContempMath = "Contemp. Math." }
 @String{Crelle = "Crelle's Journal" }
 @String{GiornaleMath = "Giornale di Mathematiche" }
 @String{GiornaleMath = "Giorn. Mat." } % didn't find in AMS MR., ibid.

 %IEEE
 @String{Computer = "{IEEE} Computer" }
 @String{IEEETransComp = "{IEEE} Transactions on Computers" }
 @String{IEEETransComp = "{IEEE} Trans. Comput." }
 @String{IEEETransAC = "{IEEE} Transactions on Automatic Control" }
 @String{IEEETransAC = "{IEEE} Trans. Automat. Control" }
 @String{IEEESpec = "{IEEE} Spectrum" } % didn't find in AMS MR
 @String{ProcIEEE = "Proceedings of the {IEEE}" }
 @String{ProcIEEE = "Proc. {IEEE}" } % didn't find in AMS MR
 @String{IEEETransAeroElec = "{IEEE} Transactions on Aerospace and Electronic
     Systems" }
 @String{IEEETransAeroElec = "{IEEE} Trans. Aerospace Electron. Systems" }

 @String{IMANumerAna = "{IMA} Journal of Numerical Analysis" }
 @String{IMANumerAna = "{IMA} J. Numer. Anal." }
 @String{InfProcLet = "Information Processing Letters" }
 @String{InfProcLet = "Inform. Process. Lett." }
 @String{InstMathApp = "Journal of the Institute of Mathematics and
     its Applications" }
 @String{InstMathApp = "J. Inst. Math. Appl." }
 @String{IntControl = "International Journal of Control" }
 @String{IntControl = "Internat. J. Control" }
 @String{IntNumerEng = "International Journal for Numerical Methods in
     Engineering" }
 @String{IntNumerEng = "Internat. J. Numer. Methods Engrg." }
 @String{IntSuper = "International Journal of Supercomputing Applications" }
 @String{IntSuper = "Internat. J. Supercomputing Applic." } % didn't find
%% in AMS MR
 @String{Kibernetika = "Kibernetika" }
 @String{JResNatBurStand = "Journal of Research of the National Bureau
     of Standards" }
 @String{JResNatBurStand = "J. Res. Nat. Bur. Standards" }
 @String{LinAlgApp = "Linear Algebra and its Applications" }
 @String{LinAlgApp = "Linear Algebra Appl." }
 @String{MathAnaAppl = "Journal of Mathematical Analysis and Applications" }
 @String{MathAnaAppl = "J. Math. Anal. Appl." }
 @String{MathAnnalen = "Mathematische Annalen" }
 @String{MathAnnalen = "Math. Ann." }
 @String{MathPhys = "Journal of Mathematical Physics" }
 @String{MathPhys = "J. Math. Phys." }
 @String{MathComp = "Mathematics of Computation" }
 @String{MathComp = "Math. Comp." }
 @String{MathScand = "Mathematica Scandinavica" }
 @String{MathScand = "Math. Scand." }
 @String{TablesAidsComp = "Mathematical Tables and Other Aids to Computation" }
 @String{TablesAidsComp = "Math. Tables Aids Comput." }
 @String{NumerMath = "Numerische Mathematik" }
 @String{NumerMath = "Numer. Math." }
 @String{PacificMath = "Pacific Journal of Mathematics" }
 @String{PacificMath = "Pacific J. Math." }
 @String{ParDistComp = "Journal of Parallel and Distributed Computing" }
 @String{ParDistComp = "J. Parallel and Distrib. Comput." } % didn't find
%% in AMS MR
 @String{ParComputing = "Parallel Computing" }
 @String{ParComputing = "Parallel Comput." }
 @String{PhilMag = "Philosophical Magazine" }
 @String{PhilMag = "Philos. Mag." }
 @String{ProcNAS = "Proceedings of the National Academy of Sciences
                    of the USA" }
 @String{ProcNAS = "Proc. Nat. Acad. Sci. U. S. A." }
 @String{Psychometrika = "Psychometrika" }
 @String{QuartMath = "Quarterly Journal of Mathematics, Oxford, Series (2)" }
 @String{QuartMath = "Quart. J. Math. Oxford Ser. (2)" }
 @String{QuartApplMath = "Quarterly of Applied Mathematics" }
 @String{QuartApplMath = "Quart. Appl. Math." }
 @String{RevueInstStat = "Review of the International Statisical Institute" }
 @String{RevueInstStat = "Rev. Inst. Internat. Statist." }

 %SIAM
 @String{JSIAM = "Journal of the Society for Industrial and Applied
     Mathematics" }
 @String{JSIAM = "J. Soc. Indust. Appl. Math." }
 @String{JSIAMB = "Journal of the Society for Industrial and Applied
     Mathematics, Series B, Numerical Analysis" }
 @String{JSIAMB = "J. Soc. Indust. Appl. Math. Ser. B Numer. Anal." }
 @String{SIAMAlgMeth = "{SIAM} Journal on Algebraic and Discrete Methods" }
 @String{SIAMAlgMeth = "{SIAM} J. Algebraic Discrete Methods" }
 @String{SIAMAppMath = "{SIAM} Journal on Applied Mathematics" }
 @String{SIAMAppMath = "{SIAM} J. Appl. Math." }
 @String{SIAMComp = "{SIAM} Journal on Computing" }
 @String{SIAMComp = "{SIAM} J. Comput." }
 @String{SIAMMatrix = "{SIAM} Journal on Matrix Analysis and Applications" }
 @String{SIAMMatrix = "{SIAM} J. Matrix Anal. Appl." }
 @String{SIAMNumAnal = "{SIAM} Journal on Numerical Analysis" }
 @String{SIAMNumAnal = "{SIAM} J. Numer. Anal." }
 @String{SIAMReview = "{SIAM} Review" }
 @String{SIAMReview = "{SIAM} Rev." }
 @String{SIAMSciStat = "{SIAM} Journal on Scientific and Statistical
     Computing" }
 @String{SIAMSciStat = "{SIAM} J. Sci. Statist. Comput." }

 @String{SoftPracExp = "Software Practice and Experience" }
 @String{SoftPracExp = "Software Prac. Experience" } % didn't find in AMS MR
 @String{StatScience = "Statistical Science" }
 @String{StatScience = "Statist. Sci." }
 @String{Techno = "Technometrics" }
 @String{USSRCompMathPhys = "{USSR} Computational Mathematics and Mathematical
     Physics" }
 @String{USSRCompMathPhys = "{U. S. S. R.} Comput. Math. and Math. Phys." }
 @String{VLSICompSys = "Journal of {VLSI} and Computer Systems" }
 @String{VLSICompSys = "J. {VLSI} Comput. Syst." }
 @String{ZAngewMathMech = "Zeitschrift fur Angewandte Mathematik und
     Mechanik" }
 @String{ZAngewMathMech = "Z. Angew. Math. Mech." }
 @String{ZAngewMathPhys = "Zeitschrift fur Angewandte Mathematik und Physik" }
 @String{ZAngewMathPhys = "Z. Angew. Math. Phys." }

% Publishers % ================================================= |

 @String{Academic = "Academic Press" }
 @String{ACMPress = "{ACM} Press" }
 @String{AdamHilger = "Adam Hilger" }
 @String{AddisonWesley = "Addison-Wesley" }
 @String{AllynBacon = "Allyn and Bacon" }
 @String{AMS = "American Mathematical Society" }
 @String{Birkhauser = "Birkha{\"u}ser" }
 @String{CambridgePress = "Cambridge University Press" }
 @String{Chelsea = "Chelsea" }
 @String{ClaredonPress = "Claredon Press" }
 @String{DoverPub = "Dover Publications" }
 @String{Eyolles = "Eyolles" }
 @String{HoltRinehartWinston = "Holt, Rinehart and Winston" }
 @String{Interscience = "Interscience" }
 @String{JohnsHopkinsPress = "The Johns Hopkins University Press" }
 @String{JohnWileySons = "John Wiley and Sons" }
 @String{Macmillan = "Macmillan" }
 @String{MathWorks = "The Math Works Inc." }
 @String{McGrawHill = "McGraw-Hill" }
 @String{NatBurStd = "National Bureau of Standards" }
 @String{NorthHolland = "North-Holland" }
 @String{OxfordPress = "Oxford University Press" }  %address Oxford or London?
 @String{PergamonPress = "Pergamon Press" }
 @String{PlenumPress = "Plenum Press" }
 @String{PrenticeHall = "Prentice-Hall" }
 @String{SIAMPub = "{SIAM} Publications" }
 @String{Springer = "Springer-Verlag" }
 @String{TexasPress = "University of Texas Press" }
 @String{VanNostrand = "Van Nostrand" }
 @String{WHFreeman = "W. H. Freeman and Co." }

%Entries
@inproceedings{scott2015geneticRepresentations,
  title={Learning genetic representations for classes of real-valued optimization problems},
  author={Scott, Eric O and Bassett, Jeffrey K},
  booktitle={Proceedings of the Companion Publication of the 2015 Annual Conference on Genetic and Evolutionary Computation},
  pages={1075--1082},
  year={2015},
  organization={ACM}
}

@article{burke2012localHeuristics,
  title={Grammatical evolution of local search heuristics},
  author={Burke, Edmund K and Hyde, Matthew R and Kendall, Graham},
  journal={IEEE Transactions on Evolutionary Computation},
  volume={16},
  number={3},
  pages={406--417},
  year={2012},
  publisher={IEEE}
}


@inproceedings{hong2013probMutation,
  title={Automated design of probability distributions as mutation operators for evolutionary programming using genetic programming},
  author={Hong, Libin and Woodward, John and Li, Jingpeng and {\"O}zcan, Ender},
  booktitle={European Conference on Genetic Programming},
  pages={85--96},
  year={2013},
  organization={Springer}
}


@inproceedings{woodward2009GPNotGood,
  title={Why evolution is not a good paradigm for program induction: a critique of genetic programming},
  author={Woodward, John R and Bai, Ruibin},
  booktitle={Proceedings of the first ACM/SIGEVO Summit on Genetic and Evolutionary Computation},
  pages={593--600},
  year={2009},
  organization={ACM}
}


@inproceedings{woodward2010metaBias,
  title={The necessity of meta bias in search algorithms},
  author={Woodward, John R},
  booktitle={Computational Intelligence and Software Engineering (CiSE), 2010 International Conference on},
  pages={1--4},
  year={2010},
  organization={IEEE}
}


@inproceedings{lourencco2013selection,
  title={Learning selection strategies for evolutionary algorithms},
  author={Louren{\c{c}}o, Nuno and Pereira, Francisco and Costa, Ernesto},
  booktitle={International Conference on Artificial Evolution (Evolution Artificielle)},
  pages={197--208},
  year={2013},
  organization={Springer}
}

@inproceedings{woodward2011selection,
  title={Automatically designing selection heuristics},
  author={Woodward, John Robert and Swan, Jerry},
  booktitle={Proceedings of the 13th annual conference companion on Genetic and evolutionary computation},
  pages={583--590},
  year={2011},
  organization={ACM}
}

@techreport{wolpert1995noFreeLunch,
  title={No free lunch theorems for search},
  author={Wolpert, David H and Macready, William G and others},
  year={1995},
  institution={Technical Report SFI-TR-95-02-010, Santa Fe Institute}
}

@article{koza1994genetic,
  title={Genetic programming as a means for programming computers by natural selection},
  author={Koza, John R},
  journal={Statistics and computing},
  volume={4},
  number={2},
  pages={87--112},
  year={1994},
  publisher={Springer}
}

@article{burke2013HHstateoftheart,
  title={Hyper-heuristics: A survey of the state of the art},
  author={Burke, Edmund K and Gendreau, Michel and Hyde, Matthew and Kendall, Graham and Ochoa, Gabriela and {\"O}zcan, Ender and Qu, Rong},
  journal={Journal of the Operational Research Society},
  volume={64},
  number={12},
  pages={1695--1724},
  year={2013},
  publisher={Springer}
}


@inproceedings{goldman2011scc,
  title={Self-configuring crossover},
  author={Goldman, Brian W and Tauritz, Daniel R},
  booktitle={Proceedings of the 13th annual conference companion on Genetic and evolutionary computation},
  pages={575--582},
  year={2011},
  organization={ACM}
}

@inproceedings{goldman2011meta,
  title={Meta-evolved empirical evidence of the effectiveness of dynamic parameters},
  author={Goldman, Brian W and Tauritz, Daniel R},
  booktitle={Proceedings of the 13th annual conference companion on Genetic and evolutionary computation},
  pages={155--156},
  year={2011},
  organization={ACM}
}


@inproceedings{guntly2011limp,
  title={Learning individual mating preferences},
  author={Guntly, Lisa M and Tauritz, Daniel R},
  booktitle={Proceedings of the 13th annual conference on Genetic and evolutionary computation},
  pages={1069--1076},
  year={2011},
  organization={ACM}
}


@inproceedings{khudabukhsh2009satenstein,
  title={SATenstein: Automatically Building Local Search SAT Solvers from Components.},
  author={KhudaBukhsh, Ashiqur R and Xu, Lin and Hoos, Holger H and Leyton-Brown, Kevin},
  booktitle={IJCAI},
  volume={9},
  pages={517--524},
  year={2009}
}

@article{lopez2012antcol,
  title={The automatic design of multiobjective ant colony optimization algorithms},
  author={Lopez-Ibanez, Manuel and Stutzle, Thomas},
  journal={IEEE Transactions on Evolutionary Computation},
  volume={16},
  number={6},
  pages={861--875},
  year={2012},
  publisher={IEEE}
}

@inproceedings{martin2013evolvingBBSA,
  title={Evolving black-box search algorithms employing genetic programming},
  author={Martin, Matthew A and Tauritz, Daniel R},
  booktitle={Proceedings of the 15th annual conference companion on Genetic and evolutionary computation},
  pages={1497--1504},
  year={2013},
  organization={ACM}
}

@inproceedings{woodward2012mutationGeneration,
  title={The automatic generation of mutation operators for genetic algorithms},
  author={Woodward, John R and Swan, Jerry},
  booktitle={Proceedings of the 14th annual conference companion on Genetic and evolutionary computation},
  pages={67--74},
  year={2012},
  organization={ACM}
}

@misc{kaufmann1993origins,
  title={The origins of order},
  author={Kaufmann, SA},
  year={1993},
  publisher={Oxford University Press New York}
}
